{
  "leader": "01712cam a22003371i 4500",
  "fields": [
    {
      "001": "ocm01378825\\"
    },
    {
      "003": "OCoLC"
    },
    {
      "005": "20221219165933.0"
    },
    {
      "008": "750606s1964\\\\\\\\nyuabcd\\\\\\\\\\\\\\000\\0deng\\\\"
    },
    {
      "010": {
        "ind1": "\\",
        "ind2": "\\",
        "subfields": [
          {
            "a": "   64024480 "
          }
        ]
      }
    },
    {
      "040": {
        "ind1": "\\",
        "ind2": "\\",
        "subfields": [
          {
            "a": "DLC"
          },
          {
            "b": "eng"
          },
          {
            "c": "ORL"
          },
          {
            "d": "DLC"
          },
          {
            "d": "BTCTA"
          },
          {
            "d": "OCLCG"
          },
          {
            "d": "OCLCQ"
          },
          {
            "d": "OCLCF"
          },
          {
            "d": "OCLCO"
          },
          {
            "d": "MUS"
          },
          {
            "d": "OCLCO"
          }
        ]
      }
    },
    {
      "035": {
        "ind1": "\\",
        "ind2": "\\",
        "subfields": [
          {
            "a": "(OCoLC)1378825"
          }
        ]
      }
    },
    {
      "050": {
        "ind1": "\\",
        "ind2": "4",
        "subfields": [
          {
            "a": "CS71.R67"
          },
          {
            "b": "P95 1964"
          }
        ]
      }
    },
    {
      "082": {
        "ind1": "0",
        "ind2": "4",
        "subfields": [
          {
            "a": "929.20973"
          },
          {
            "b": "PYL"
          }
        ]
      }
    },
    {
      "100": {
        "ind1": "1",
        "ind2": "\\",
        "subfields": [
          {
            "a": "Pyle, Tom."
          }
        ]
      }
    },
    {
      "245": {
        "ind1": "1",
        "ind2": "0",
        "subfields": [
          {
            "a": "Pocantico :"
          },
          {
            "b": "fifty years on the Rockefeller domain /"
          },
          {
            "c": "observed by Tom Pyle and told to Beth Day."
          }
        ]
      }
    },
    {
      "250": {
        "ind1": "\\",
        "ind2": "\\",
        "subfields": [
          {
            "a": "[1st ed.]"
          }
        ]
      }
    },
    {
      "260": {
        "ind1": "\\",
        "ind2": "\\",
        "subfields": [
          {
            "a": "New York :"
          },
          {
            "b": "Duell, Sloan, and Pearce,"
          },
          {
            "c": "[1964]"
          }
        ]
      }
    },
    {
      "300": {
        "ind1": "\\",
        "ind2": "\\",
        "subfields": [
          {
            "a": "240 pages :"
          },
          {
            "b": "illustrations, maps, portraits, charts,"
          },
          {
            "c": "24 cm"
          }
        ]
      }
    },
    {
      "336": {
        "ind1": "\\",
        "ind2": "\\",
        "subfields": [
          {
            "a": "text"
          },
          {
            "b": "txt"
          },
          {
            "2": "rdacontent"
          }
        ]
      }
    },
    {
      "337": {
        "ind1": "\\",
        "ind2": "\\",
        "subfields": [
          {
            "a": "unmediated"
          },
          {
            "b": "n"
          },
          {
            "2": "rdamedia"
          }
        ]
      }
    },
    {
      "338": {
        "ind1": "\\",
        "ind2": "\\",
        "subfields": [
          {
            "a": "volume"
          },
          {
            "b": "nc"
          },
          {
            "2": "rdacarrier"
          }
        ]
      }
    },
    {
      "505": {
        "ind1": "0",
        "ind2": "\\",
        "subfields": [
          {
            "a": "Tom Pyle Before the Main Gate -- Kykuit -- Union Church of Pocantico Hills -- Main Street of Pocantico Hills -- The \"Million-Dollar Playhouse\" -- David Rockefeller's Mail Box, Across Route 117 from the Fenced -- Park -- The Three-Span Stone Bridge -- Bridle Trails near Fieldwood Farm -- Swan Lake -- Black Angus Steers Grazing at Fieldwood Farm -- Site of the Old Frances P. Lowry Estate -- Laurance Rockefeller's House -- Gory Brook Road -- The House of Mrs. John D. Rockefeller, Jr."
          }
        ]
      }
    },
    {
      "600": {
        "ind1": "3",
        "ind2": "0",
        "subfields": [
          {
            "a": "Rockefeller family."
          }
        ]
      }
    },
    {
      "600": {
        "ind1": "3",
        "ind2": "7",
        "subfields": [
          {
            "a": "Rockefeller family."
          },
          {
            "2": "fast"
          },
          {
            "0": "(OCoLC)fst00214542"
          }
        ]
      }
    },
    {
      "700": {
        "ind1": "1",
        "ind2": "\\",
        "subfields": [
          {
            "a": "Romulo, Beth Day,"
          },
          {
            "d": "1924-"
          }
        ]
      }
    },
    {
      "776": {
        "ind1": "0",
        "ind2": "8",
        "subfields": [
          {
            "i": "Online version:"
          },
          {
            "a": "Pyle, Tom."
          },
          {
            "t": "Pocantico."
          },
          {
            "b": "[1st ed.]."
          },
          {
            "d": "New York, Duell, Sloan, and Pearce [1964]"
          },
          {
            "w": "(OCoLC)608491068"
          }
        ]
      }
    },
    {
      "994": {
        "ind1": "\\",
        "ind2": "\\",
        "subfields": [
          {
            "a": "Z0"
          },
          {
            "b": "NYRVC"
          }
        ]
      }
    },
    {
      "948": {
        "ind1": "\\",
        "ind2": "\\",
        "subfields": [
          {
            "h": "NO HOLDINGS IN NYRVC - 128 OTHER HOLDINGS"
          }
        ]
      }
    },
    {
      "999": {
        "ind1": "\\",
        "ind2": "\\",
        "subfields": [
          {
            "a": "00000000010727"
          },
          {
            "b": "Copy 1"
          }
        ]
      }
    },
    {
      "999": {
        "ind1": "\\",
        "ind2": "\\",
        "subfields": [
          {
            "a": "00000000010723"
          },
          {
            "b": "Copy 2"
          }
        ]
      }
    }
  ]
}